<record><leader>00000cas a22000007a 4500</leader><controlfield tag="001">27822938</controlfield><controlfield tag="008">930329d18901uuucauwr ne      0    0eng d</controlfield><datafield ind1=" " ind2=" " tag="010"><subfield code="a">sn 93052488 </subfield></datafield><datafield ind1=" " ind2=" " tag="040"><subfield code="a">CNK</subfield><subfield code="b">eng</subfield><subfield code="c">CNK</subfield><subfield code="d">OCLCQ</subfield></datafield><datafield ind1=" " ind2=" " tag="042"><subfield code="a">msc</subfield></datafield><datafield ind1="0" ind2=" " tag="130"><subfield code="a">Riverside enterprise (Riverside, Calif. : 1890)</subfield></datafield><datafield ind1="1" ind2="0" tag="245"><subfield code="a">Riverside enterprise.</subfield></datafield><datafield ind1="3" ind2="0" tag="246"><subfield code="a">Riverside weekly enterprise</subfield></datafield><datafield ind1="3" ind2="0" tag="246"><subfield code="a">Riverside semi-weekly enterprise</subfield></datafield><datafield ind1="1" ind2="3" tag="246"><subfield code="a">Weekly enterprise</subfield></datafield><datafield ind1=" " ind2=" " tag="260"><subfield code="a">Riverside, Calif. :</subfield><subfield code="b">M.R. Plaisted</subfield></datafield><datafield ind1=" " ind2=" " tag="300"><subfield code="a">v.</subfield></datafield><datafield ind1=" " ind2=" " tag="310"><subfield code="a">Weekly,</subfield><subfield code="b">Mar. 4, 1891-&lt;June 29, 1892&gt;</subfield></datafield><datafield ind1=" " ind2=" " tag="321"><subfield code="a">Weekly,</subfield><subfield code="b">Aug. 13-Oct. 1, 1890</subfield></datafield><datafield ind1=" " ind2=" " tag="321"><subfield code="a">Semiweekly,</subfield><subfield code="b">Oct. 4, 1890-Feb. 28, 1891</subfield></datafield><datafield ind1="0" ind2=" " tag="362"><subfield code="a">Vol. 10, no. 8 (Aug. 13, 1890)-</subfield></datafield><datafield ind1=" " ind2=" " tag="500"><subfield code="a">Published as: Riverside weekly enterprise, Aug. 13-Oct. 1, 1890, and: Riverside semi-weekly enterprise, Oct. 18, 1890-Feb. 28, 1891.</subfield></datafield><datafield ind1=" " ind2="4" tag="651"><subfield code="a">Riverside County (Calif.)</subfield><subfield code="v">Newspapers.</subfield></datafield><datafield ind1=" " ind2="4" tag="651"><subfield code="a">San Bernardino County (Calif.)</subfield><subfield code="v">Newspapers.</subfield></datafield><datafield ind1=" " ind2=" " tag="752"><subfield code="a">United States</subfield><subfield code="b">California</subfield><subfield code="c">Riverside</subfield><subfield code="d">Riverside.</subfield></datafield><datafield ind1="0" ind2=" " tag="775"><subfield code="t">Riverside daily enterprise</subfield><subfield code="w">(DLC)sn 93052490</subfield></datafield><datafield ind1="0" ind2="0" tag="780"><subfield code="t">Enterprise (Riverside, Calif. : 1890)</subfield><subfield code="w">(DLC)sn 93052487</subfield></datafield><datafield ind1="1" ind2=" " tag="029"><subfield code="a">AU@</subfield><subfield code="b">000020736083</subfield></datafield></record>